@article{5712775,
  author  = {},
  journal = {IEEE Std 26514-2010},
  title   = {IEEE Standard for Adoption of ISO/IEC 26514:2008 Systems and Software Engineering--Requirements for Designers and Developers of User Documentation},
  year    = {2011},
  volume  = {},
  number  = {},
  pages   = {1-72},
  doi     = {10.1109/IEEESTD.2011.5712775}
}

@article{8584518,
  author  = {},
  journal = {ISO/IEC/IEEE 26511:2018(E)},
  title   = {ISO/IEC/IEEE International Standard - Systems and software engineering - Requirements for managers of information for users of systems, software, and services},
  year    = {2018},
  volume  = {},
  number  = {},
  pages   = {1-90},
  doi     = {10.1109/IEEESTD.2018.8584518}
}

@misc{Cinco,
  author       = {Dev. Team Cinco},
  title        = {About {Cinco SCCE Meta Tooling Framework}},
  howpublished = {\url          = {https://cinco.scce.info/about/},},
  year         = {July, 2021}
}

@article{Naujokat2018,
  author          = {Stefan Naujokat, Michael Lybecait, Dawid Kopetzki, Steffen Bernhard},
  title           = {CINCO, a simplicity-drivern approach to full generation of domain-specific graphical modeling tools.},
  journal         = {International Journal on Software Tools for Technology Transfer},
  volume          = {20},
  number          = {3},
  year            = {2018}
}

@misc{scce,
  author       = {SCCE Group},
  title        = {Sustainable Computing for Continuous Engineering},
  howpublished = {\url = {https://www.scce.info/}},
  year         = {September, 2021}
}
