@article{5712775,
  author  = {IEEE},
  journal = {IEEE Std 26514-2010},
  title   = {IEEE Standard for Adoption of ISO/IEC 26514:2008 Systems and Software Engineering--Requirements for Designers and Developers of User Documentation},
  year    = 2011,
  pages   = {1-72},
  doi     = {10.1109/IEEESTD.2011.5712775}
}

@article{8584518,
  author  = {ISO/IEC/IEEE},
  journal = {ISO/IEC/IEEE 26511:2018(E)},
  title   = {ISO/IEC/IEEE International Standard - Systems and software engineering - Requirements for managers of information for users of systems, software, and services},
  year    = 2018,
  pages   = {1-90},
  doi     = {10.1109/IEEESTD.2018.8584518}
}

@inproceedings{bosselmann-et_al,
  author    = {Bo{\ss}elmann, Steve
and Frohme, Markus
and Kopetzki, Dawid
and Lybecait, Michael
and Naujokat, Stefan
and Neubauer, Johannes
and Wirkner, Dominic
and Zweihoff, Philip
and Steffen, Bernhard},
  editor    = {Margaria, Tiziana
and Steffen, Bernhard},
  title     = {DIME: A Programming-Less Modeling Environment for Web Applications},
  booktitle = {Leveraging Applications of Formal Methods, Verification and Validation: Discussion, Dissemination, Applications},
  year      = 2016,
  publisher = {Springer International Publishing},
  address   = {Cham},
  pages     = {809--832},
  isbn      = {978-3-319-47169-3}
}

@misc{Cinco,
  author       = {Dev. Team Cinco},
  title        = {About {Cinco SCCE Meta Tooling Framework}},
  howpublished = {\url{https://cinco.scce.info/about/},},
  year         = {July 14, 2021}
}

@misc{gitlabcinco,
  author       = {Daniel Busch, Annika Fuhge},
  title        = {Cinco Product Specification},
  howpublished = {\url{https://gitlab.com/scce/cinco/-/wikis/Cinco-Product-Specification}},
  note         = {Accessed: October 02, 2021}
}

@article{Idani2021,
  author  = {Idani, Akram},
  title   = {Formal model-driven executable DSLs},
  journal = {Innovations in Systems and Software Engineering},
  doi     = {10.1007/s11334-021-00408-4},
  year    = {2021}
}

@misc{jabc-home,
  author       = {TU Dortmund, Chair of Programming Systems},
  title        = {Java Application Building Center},
  howpublished = {\url{http://ls5-www.cs.tu-dortmund.de/projects/jabc/index.php}},
  note         = {Accessed: October 04, 2021}
}

@phdthesis{naujokat-diss,
  author      = {Naujokat, Stefan},
  title       = {Heavy meta: model-driven domain-specific generation of generative domain-specific modeling tools},
  school      = {Technical University of Dortmund},
  year        = {2017}
}

@inproceedings{Lybecait-et_al,
  author    = {Lybecait, Michael
                and Kopetzki, Dawid
                and Zweihoff, Philip
                and Fuhge, Annika
                and Naujokat, Stefan
                and Steffen, Bernhard},
  editor    = {Margaria, Tiziana
                and Steffen, Bernhard},
  title     = {A Tutorial Introduction to Graphical Modeling and Metamodeling with CINCO},
  booktitle = {Leveraging Applications of Formal Methods, Verification and Validation. Modeling},
  year      = {2018},
  publisher = {Springer International Publishing},
  address   = {Cham},
  pages     = {519--538},
  isbn      = {978-3-030-03418-4}
}

@inproceedings{model-driver-dev_jABC,
  author    = {Steffen, Bernhard
and Margaria, Tiziana
and Nagel, Ralf
and J{\"o}rges, Sven
and Kubczak, Christian},
  editor    = {Bin, Eyal
and Ziv, Avi
and Ur, Shmuel},
  title     = {Model-Driven Development with the jABC},
  booktitle = {Hardware and Software, Verification and Testing},
  year      = {2007},
  publisher = {Springer Berlin Heidelberg},
  address   = {Berlin, Heidelberg},
  pages     = {92--108},
  isbn      = {978-3-540-70889-6}
}

@article{Naujokat2018,
  author  = {Stefan Naujokat and Michael Lybecait and Dawid Kopetzki and Steffen Bernhard},
  title   = {CINCO, a simplicity-drivern approach to full generation of domain-specific graphical modeling tools.},
  journal = {International Journal on Software Tools for Technology Transfer},
  volume  = {20},
  number  = {3},
  year    = {2018}
}

@inproceedings{perez-et_al,
  author    = {P{\'e}rez Andr{\'e}s, Francisco
and de Lara, Juan
and Guerra, Esther},
  editor    = {Sch{\"u}rr, Andy
and Nagl, Manfred
and Z{\"u}ndorf, Albert},
  title     = {Domain Specific Languages with Graphical and Textual Views},
  booktitle = {Applications of Graph Transformations with Industrial Relevance},
  year      = {2008},
  publisher = {Springer Berlin Heidelberg},
  address   = {Berlin, Heidelberg},
  pages     = {82--97},
  isbn      = {978-3-540-89020-1}
}

@misc{scce,
  author       = {Group SCCE},
  title        = {Sustainable Computing for Continuous Engineering},
  howpublished = {\url{https://www.scce.info/}},
  note         = {Accessed: September 29, 2021}
}

@misc{sel,
  author       = {Software Freedom Conservancy},
  title        = {Getting Started | Selenium},
  howpublished = {\url{https://www.selenium.dev/documentation/getting_started/}},
  month        = {October},
  year         = {2021}
}

@book{stahl_et_al,
  author    = {Thomas Stahl and Markus V{\"o}lker},
  title     = {Model-Driven Software Development},
  publisher = {John Wiley Ltd},
  year      = {2006}
}